@misc{omar_elgabry_the_ultimate_guide_to_data_cleaning,
    author = "Omar Elgabry",
    title = "The Ultimate Guide to Data Cleaning",
    url  = "https://towardsdatascience.com/the-ultimate-guide-to-data-cleaning-3969843991d4",
    year = 2019,
    keywords = "quality"
}
